@article{jennings2000agent,
  title={On agent-based software engineering},
  author={Jennings, NR},
  journal={Artificial Intelligence},
  volume={117},
  number={2},
  pages={277--296},
  year={2000},
  publisher={Elsevier},
  url={https://www.sciencedirect.com/science/article/pii/S0004370299001071}
}

@article{liu2024llm,
  title={Large language model-based agents for software engineering: A survey},
  author={Liu, Junwei and Wang, Kaixin and Chen, Yixuan and Peng, Xin and Chen, Zhenpeng and Zhang, Lingming and Lou, Yiling},
  journal={arXiv preprint arXiv:2409.02977},
  year={2024},
  url={https://arxiv.org/abs/2409.02977}
}

@article{wooldridge1997agent,
  title={Agent-based software engineering},
  author={Wooldridge, M},
  journal={IEE Proceedings-software},
  volume={144},
  number={1},
  pages={26--37},
  year={1997},
  publisher={IET},
  url={https://digital-library.theiet.org/doi/abs/10.1049/ip-sen%3A19971026}
}

@inproceedings{suri2023autonomous,
  title={Software engineering using autonomous agents: Are we there yet?},
  author={Suri, Samdyuti and Das, Sankar Narayan and Singi, Kapil and Dey, Kuntal and Sharma, Vibhu Saujanya and Kaulgud, Vikrant},
  booktitle={2023 38th IEEE/ACM International Conference on Automated Software Engineering (ASE)},
  pages={1--10},
  year={2023},
  organization={IEEE},
  url={https://ieeexplore.ieee.org/abstract/document/10298365/}
}

@incollection{jennings1999agent,
  title={Agent-oriented software engineering},
  author={Jennings, NR},
  booktitle={Modelling Autonomous Agents in a Multi-Agent World},
  pages={1--7},
  year={1999},
  publisher={Springer},
  url={https://link.springer.com/chapter/10.1007/3-540-48437-X_1}
}
